%%%%%%%%%%%%%%%%%%%%%%%%%%%%%%%%%%%%%%%%%%%%%%%%%%%%%%%%%%%%%%%%%%%%%%%%%%%%%%%
%%%%%%%%%%%%%%%%%%%%%%%%%%%%%%%%%%%%%%%%%%%%%%%%%%%%%%%%%%%%%%%%%%%%%%%%%%%%%%%
%%%%%%%%%%%%%%%%%%%%%%%%%%%%%%%%%%%%%%%%%%%%%%%%%%%%%%%%%%%%%%%%%%%%%%%%%%%%%%%

@Book{Kytoo1996,
  author = {Kytö, Merja},
  title = {Manual to the diachronic part of the Helsinki corpus of English texts : coding conventions and lists of source texts},
  publisher = {Dept. of English, University of Helsinki},
  year = {1996},
  address = {Helsinki},
  isbn = {951-45-7470-2}
}

@book{Manning1999,
  Author = {Christopher Manning and Hinrich Schuetze},
  Title = {Foundations of Statistical Natural Language Processing},
  Publisher = {The MIT Press},
  Year = {1999},
  ISBN = {0-262-13360-1}
}

@Manual{Rlanguage,
  title = {R: A Language and Environment for Statistical Computing},
  author = {{R Core Team}},
  organization = {R Foundation for Statistical Computing},
  address = {Vienna, Austria},
  year = {2016},
  url = {https://www.R-project.org/},
}

@book{Gorblach1991,
  Author = {Manfred Görlach},
  Title = {Introduction to Early Modern English},
  Publisher = {Cambridge University Press},
  Year = {1991},
  ISBN = {0521325293}
}

@article{Chomsky1956,
  doi = {10.1109/tit.1956.1056813},
  url = {https://doi.org/10.1109/tit.1956.1056813},
  year  = {1956},
  month = {sep},
  publisher = {Institute of Electrical and Electronics Engineers ({IEEE})},
  volume = {2},
  number = {3},
  pages = {113--124},
  author = {N. Chomsky},
  title = {Three models for the description of language},
  journal = {{IEEE} Transactions on Information Theory}
}

@article{Saif2014,
  title = {On stopwords, filtering and data sparsity for sentiment
           analysis of twitter},
  author = {Saif, Hassan and Fern{\'a}ndez, Miriam and He, Yulan
            and Alani, Harith},
  year = {2014}
}



%%%%%%%%%%%%%%%%%%%%%%%%%%%%%%%%%%%%%%%%%%%%%%%%%%%%%%%%%%%%%%%%%%%%%%%%%%%%%%% 
%%%%%%%%%%%%%%%%%%%%%%%%%%%%%%%%%%%%%%%%%%%%%%%%%%%%%%%%%%%%%%%%%%%%%%%%%%%%%%%
%%%%%%%%%%%%%%%%%%%%%%%%%%%%%%%%%%%%%%%%%%%%%%%%%%%%%%%%%%%%%%%%%%%%%%%%%%%%%%% 





